category_eng,month,total_sales,market_avg_price,seller_count,market_avg_sales
agro_industry_and_commerce,2017-01,3,21.99,1,3.0
agro_industry_and_commerce,2017-02,7,32.12,2,3.5
agro_industry_and_commerce,2017-03,2,40.995000000000005,2,1.0
agro_industry_and_commerce,2017-05,4,394.985,2,2.0
agro_industry_and_commerce,2017-06,1,1390.0,1,1.0
agro_industry_and_commerce,2017-07,1,1180.0,1,1.0
agro_industry_and_commerce,2017-08,4,22.0,1,4.0
agro_industry_and_commerce,2017-09,4,498.4975,2,2.0
agro_industry_and_commerce,2017-10,5,670.0559999999999,5,1.0
agro_industry_and_commerce,2017-11,19,733.2889473684211,5,3.8
agro_industry_and_commerce,2017-12,11,481.06363636363636,5,2.2
agro_industry_and_commerce,2018-01,18,325.1911111111111,5,3.6
agro_industry_and_commerce,2018-02,27,274.2518518518519,5,5.4
agro_industry_and_commerce,2018-03,28,214.96428571428572,4,7.0
agro_industry_and_commerce,2018-04,12,375.05833333333334,5,2.4
agro_industry_and_commerce,2018-05,8,409.96875,5,1.6
agro_industry_and_commerce,2018-06,10,351.58000000000004,7,1.4285714285714286
agro_industry_and_commerce,2018-07,30,258.5563333333333,17,1.7647058823529411
agro_industry_and_commerce,2018-08,18,278.94944444444445,12,1.5
air_conditioning,2016-10,10,170.709,2,5.0
air_conditioning,2017-01,4,165.925,3,1.3333333333333333
air_conditioning,2017-02,12,257.94166666666666,4,3.0
air_conditioning,2017-03,17,241.40058823529415,4,4.25
air_conditioning,2017-04,16,161.389375,6,2.6666666666666665
air_conditioning,2017-05,8,127.09625,7,1.1428571428571428
air_conditioning,2017-06,11,189.49818181818182,6,1.8333333333333333
air_conditioning,2017-07,5,279.22,4,1.25
air_conditioning,2017-08,15,284.782,8,1.875
air_conditioning,2017-09,8,216.38125,6,1.3333333333333333
air_conditioning,2017-10,12,213.535,5,2.4
air_conditioning,2017-11,19,214.55894736842106,11,1.7272727272727273
air_conditioning,2017-12,3,222.9333333333333,3,1.0
air_conditioning,2018-01,29,161.19793103448276,12,2.4166666666666665
air_conditioning,2018-02,12,218.9075,7,1.7142857142857142
air_conditioning,2018-03,25,106.7032,11,2.272727272727273
air_conditioning,2018-04,23,141.81695652173912,11,2.090909090909091
air_conditioning,2018-05,15,136.74666666666664,6,2.5
air_conditioning,2018-06,15,237.86,7,2.142857142857143
air_conditioning,2018-07,17,156.34470588235294,9,1.8888888888888888
air_conditioning,2018-08,21,169.3761904761905,13,1.6153846153846154
art,2017-03,5,44.65,4,1.25
art,2017-04,1,119.9,1,1.0
art,2017-05,8,870.95625,5,1.6
art,2017-06,10,42.17,4,2.5
art,2017-07,3,128.91666666666666,3,1.0
art,2017-08,4,61.175,2,2.0
art,2017-09,3,129.51333333333332,3,1.0
art,2017-10,3,116.35000000000001,3,1.0
art,2017-11,1,75.0,1,1.0
art,2017-12,3,38.416666666666664,3,1.0
art,2018-01,19,133.72473684210527,5,3.8
art,2018-02,13,96.28538461538461,4,3.25
art,2018-03,7,65.92857142857143,6,1.1666666666666667
art,2018-04,26,82.31846153846153,9,2.888888888888889
art,2018-05,36,74.77388888888889,7,5.142857142857143
art,2018-06,28,89.29071428571429,9,3.111111111111111
art,2018-07,21,87.77142857142856,4,5.25
art,2018-08,18,82.29944444444443,4,4.5
arts_and_craftmanship,2017-05,1,21.99,1,1.0
arts_and_craftmanship,2017-07,1,129.9,1,1.0
arts_and_craftmanship,2018-04,1,15.99,1,1.0
arts_and_craftmanship,2018-05,1,89.8,1,1.0
arts_and_craftmanship,2018-07,11,59.50636363636364,6,1.8333333333333333
arts_and_craftmanship,2018-08,9,100.19555555555556,7,1.2857142857142858
audio,2016-10,2,78.495,1,2.0
audio,2017-02,5,32.760000000000005,4,1.25
audio,2017-03,14,81.05499999999999,5,2.8
audio,2017-04,11,85.65454545454546,4,2.75
audio,2017-05,17,122.42235294117646,7,2.4285714285714284
audio,2017-06,11,151.9090909090909,2,5.5
audio,2017-07,7,110.24142857142859,6,1.1666666666666667
audio,2017-08,8,137.575,6,1.3333333333333333
audio,2017-09,10,104.25900000000001,7,1.4285714285714286
audio,2017-10,32,73.39,5,6.4
audio,2017-11,36,102.14527777777778,10,3.6
audio,2017-12,17,158.05470588235295,8,2.125
audio,2018-01,26,146.93384615384616,10,2.6
audio,2018-02,15,188.56599999999997,6,2.5
audio,2018-03,34,311.96147058823533,6,5.666666666666667
audio,2018-04,31,227.26032258064515,7,4.428571428571429
audio,2018-05,21,128.46095238095236,5,4.2
audio,2018-06,20,91.53450000000001,5,4.0
audio,2018-07,22,93.75636363636363,6,3.6666666666666665
audio,2018-08,26,79.5923076923077,3,8.666666666666666
auto,2016-10,12,152.77083333333334,11,1.0909090909090908
auto,2017-01,34,153.48617647058822,16,2.125
auto,2017-02,87,151.69310344827588,35,2.4857142857142858
auto,2017-03,87,166.46057471264368,34,2.5588235294117645
auto,2017-04,88,176.68375,38,2.3157894736842106
auto,2017-05,128,148.471328125,43,2.9767441860465116
auto,2017-06,112,280.0954464285714,28,4.0
auto,2017-07,120,118.55616666666667,42,2.857142857142857
auto,2017-08,166,123.01873493975904,48,3.4583333333333335
auto,2017-09,108,134.67287037037036,40,2.7
auto,2017-10,153,141.20444444444445,49,3.122448979591837
auto,2017-11,264,132.43265151515152,66,4.0
auto,2017-12,268,146.59567164179103,60,4.466666666666667
auto,2018-01,268,134.30977611940298,74,3.6216216216216215
auto,2018-02,327,129.95409785932722,74,4.418918918918919
auto,2018-03,345,130.3773623188406,87,3.9655172413793105
auto,2018-04,356,139.40783707865168,99,3.595959595959596
auto,2018-05,311,131.60173633440513,104,2.9903846153846154
auto,2018-06,300,151.35829999999999,107,2.803738317757009
auto,2018-07,345,127.09040579710145,114,3.026315789473684
auto,2018-08,377,120.37371352785146,119,3.168067226890756
baby,2016-10,14,116.44000000000001,9,1.5555555555555556
baby,2017-01,41,156.04560975609755,18,2.2777777777777777
baby,2017-02,34,89.66117647058823,15,2.2666666666666666
baby,2017-03,44,84.63818181818182,25,1.76
baby,2017-04,51,78.04803921568627,16,3.1875
baby,2017-05,108,91.19916666666667,27,4.0
baby,2017-06,78,100.83,30,2.6
baby,2017-07,129,123.57449612403101,37,3.4864864864864864
baby,2017-08,133,150.42954887218045,37,3.5945945945945947
baby,2017-09,174,140.03620689655173,42,4.142857142857143
baby,2017-10,138,119.54710144927536,43,3.2093023255813953
baby,2017-11,203,107.08758620689655,53,3.830188679245283
baby,2017-12,143,139.46209790209792,44,3.25
baby,2018-01,226,133.86402654867257,56,4.035714285714286
baby,2018-02,176,147.64670454545455,52,3.3846153846153846
baby,2018-03,227,185.41202643171806,61,3.721311475409836
baby,2018-04,244,204.18786885245902,64,3.8125
baby,2018-05,246,138.34792682926832,77,3.1948051948051948
baby,2018-06,225,136.68942222222222,67,3.3582089552238807
baby,2018-07,222,99.93675675675675,80,2.775
baby,2018-08,217,101.40161290322581,70,3.1
bed_bath_table,2016-10,8,59.87375,4,2.0
bed_bath_table,2017-01,49,83.06428571428572,10,4.9
bed_bath_table,2017-02,170,101.33723529411766,19,8.947368421052632
bed_bath_table,2017-03,296,89.31222972972974,25,11.84
bed_bath_table,2017-04,280,88.65228571428571,26,10.76923076923077
bed_bath_table,2017-05,377,91.02106100795757,35,10.771428571428572
bed_bath_table,2017-06,397,91.91861460957179,33,12.030303030303031
bed_bath_table,2017-07,597,109.75624790619766,29,20.586206896551722
bed_bath_table,2017-08,525,110.9332380952381,45,11.666666666666666
bed_bath_table,2017-09,540,97.81051851851852,45,12.0
bed_bath_table,2017-10,565,84.20697345132744,51,11.07843137254902
bed_bath_table,2017-11,988,91.50471659919029,55,17.963636363636365
bed_bath_table,2017-12,557,92.07385996409336,52,10.711538461538462
bed_bath_table,2018-01,855,89.86705263157894,65,13.153846153846153
bed_bath_table,2018-02,704,87.6954403409091,64,11.0
bed_bath_table,2018-03,811,86.98087546239212,68,11.926470588235293
bed_bath_table,2018-04,747,96.92535475234271,79,9.455696202531646
bed_bath_table,2018-05,747,95.98764390896922,76,9.828947368421053
bed_bath_table,2018-06,773,92.58147477360932,88,8.784090909090908
bed_bath_table,2018-07,626,88.53166134185304,89,7.033707865168539
bed_bath_table,2018-08,658,92.75969604863222,89,7.393258426966292
books_general_interest,2016-10,1,119.5,1,1.0
books_general_interest,2017-01,2,117.445,1,2.0
books_general_interest,2017-02,8,96.58875,6,1.3333333333333333
books_general_interest,2017-03,25,105.9584,6,4.166666666666667
books_general_interest,2017-04,12,76.94833333333334,7,1.7142857142857142
books_general_interest,2017-05,20,92.07849999999999,6,3.3333333333333335
books_general_interest,2017-06,21,92.38476190476192,9,2.3333333333333335
books_general_interest,2017-07,13,99.41538461538462,4,3.25
books_general_interest,2017-08,29,110.85517241379311,15,1.9333333333333333
books_general_interest,2017-09,15,64.34266666666666,12,1.25
books_general_interest,2017-10,11,66.77272727272727,4,2.75
books_general_interest,2017-11,38,70.13052631578948,16,2.375
books_general_interest,2017-12,42,57.07380952380952,16,2.625
books_general_interest,2018-01,45,48.44777777777778,18,2.5
books_general_interest,2018-02,29,65.95344827586207,13,2.230769230769231
books_general_interest,2018-03,39,43.89564102564103,16,2.4375
books_general_interest,2018-04,50,125.9102,12,4.166666666666667
books_general_interest,2018-05,53,113.5666037735849,19,2.789473684210526
books_general_interest,2018-06,39,85.77923076923076,12,3.25
books_general_interest,2018-07,25,163.09799999999998,13,1.9230769230769231
books_general_interest,2018-08,36,43.46611111111111,11,3.272727272727273
books_imported,2017-02,1,99.0,1,1.0
books_imported,2017-04,1,19.99,1,1.0
books_imported,2017-06,2,49.5,1,2.0
books_imported,2017-08,1,61.0,1,1.0
books_imported,2017-09,4,72.5,1,4.0
books_imported,2017-11,4,81.0,2,2.0
books_imported,2017-12,3,77.0,1,3.0
books_imported,2018-01,6,97.16666666666667,2,3.0
books_imported,2018-02,3,108.33333333333333,2,1.5
books_imported,2018-03,3,86.33333333333333,1,3.0
books_imported,2018-04,4,79.4975,2,2.0
books_imported,2018-05,10,41.092,2,5.0
books_imported,2018-06,9,52.01888888888889,2,4.5
books_imported,2018-07,8,50.3475,2,4.0
books_imported,2018-08,1,749.0,1,1.0
books_technical,2016-10,1,267.0,1,1.0
books_technical,2017-02,1,159.0,1,1.0
books_technical,2017-03,2,37.5,2,1.0
books_technical,2017-04,1,75.0,1,1.0
books_technical,2017-05,3,87.33333333333333,2,1.5
books_technical,2017-06,2,72.95,2,1.0
books_technical,2017-07,2,264.0,2,1.0
books_technical,2017-08,9,132.93111111111114,5,1.8
books_technical,2017-09,8,125.16875,4,2.0
books_technical,2017-10,6,146.66666666666666,3,2.0
books_technical,2017-11,6,128.15,1,6.0
books_technical,2017-12,4,167.6725,3,1.3333333333333333
books_technical,2018-01,17,69.20882352941176,4,4.25
books_technical,2018-02,28,52.292142857142856,9,3.111111111111111
books_technical,2018-03,17,53.73352941176471,5,3.4
books_technical,2018-04,23,50.960869565217386,9,2.5555555555555554
books_technical,2018-05,56,54.56214285714286,7,8.0
books_technical,2018-06,26,67.20884615384615,7,3.7142857142857144
books_technical,2018-07,28,75.24321428571429,5,5.6
books_technical,2018-08,29,51.1651724137931,9,3.2222222222222223
cds_dvds_musicals,2017-07,5,45.0,1,5.0
cds_dvds_musicals,2017-08,3,45.0,1,3.0
cds_dvds_musicals,2017-10,1,45.0,1,1.0
cds_dvds_musicals,2017-11,3,65.0,1,3.0
cds_dvds_musicals,2017-12,1,65.0,1,1.0
cds_dvds_musicals,2018-04,1,65.0,1,1.0
christmas_supplies,2017-04,1,69.0,1,1.0
christmas_supplies,2017-06,3,61.56666666666666,1,3.0
christmas_supplies,2017-07,2,32.545,2,1.0
christmas_supplies,2017-08,1,58.9,1,1.0
christmas_supplies,2017-09,4,63.675,2,2.0
christmas_supplies,2017-10,12,32.3375,3,4.0
christmas_supplies,2017-11,24,55.857499999999995,7,3.4285714285714284
christmas_supplies,2017-12,16,30.86875,5,3.2
christmas_supplies,2018-01,10,85.15,4,2.5
christmas_supplies,2018-02,24,85.81875000000001,5,4.8
christmas_supplies,2018-03,12,71.24583333333334,4,3.0
christmas_supplies,2018-04,12,22.929166666666664,3,4.0
christmas_supplies,2018-05,6,87.42166666666667,4,1.5
christmas_supplies,2018-06,7,43.74142857142857,4,1.75
christmas_supplies,2018-07,8,63.695,5,1.6
christmas_supplies,2018-08,11,51.306363636363635,4,2.75
cine_photo,2017-02,1,59.0,1,1.0
cine_photo,2017-04,2,59.0,1,2.0
cine_photo,2017-05,1,59.0,1,1.0
cine_photo,2017-06,1,79.0,1,1.0
cine_photo,2017-09,1,69.0,1,1.0
cine_photo,2017-10,1,69.0,1,1.0
cine_photo,2017-11,1,242.0,1,1.0
cine_photo,2018-01,2,99.99,1,2.0
cine_photo,2018-02,2,113.995,2,1.0
cine_photo,2018-03,7,101.6842857142857,2,3.5
cine_photo,2018-04,5,104.348,3,1.6666666666666667
cine_photo,2018-05,18,126.51611111111112,7,2.5714285714285716
cine_photo,2018-06,13,33.526923076923076,7,1.8571428571428572
cine_photo,2018-07,8,149.305,6,1.3333333333333333
cine_photo,2018-08,10,68.52799999999999,4,2.5
computers,2017-01,1,2199.99,1,1.0
computers,2017-02,1,3549.0,1,1.0
computers,2017-08,29,1162.0689655172414,1,29.0
computers,2017-09,41,1289.728780487805,1,41.0
computers,2017-10,27,1496.0711111111111,2,13.5
computers,2017-11,7,1395.4285714285713,1,7.0
computers,2017-12,23,727.8695652173913,1,23.0
computers,2018-01,12,620.8333333333334,1,12.0
computers,2018-04,15,918.328,3,5.0
computers,2018-05,14,673.5657142857143,1,14.0
computers,2018-06,13,1009.7692307692307,2,6.5
computers,2018-07,8,1404.875,3,2.6666666666666665
computers,2018-08,12,725.9583333333334,4,3.0
computers_accessories,2016-10,21,66.63428571428571,9,2.3333333333333335
computers_accessories,2017-01,31,126.58516129032259,12,2.5833333333333335
computers_accessories,2017-02,106,112.94896226415095,33,3.212121212121212
computers_accessories,2017-03,174,164.50919540229884,39,4.461538461538462
computers_accessories,2017-04,136,152.14014705882354,38,3.5789473684210527
computers_accessories,2017-05,322,142.95894409937887,53,6.0754716981132075
computers_accessories,2017-06,262,141.4316030534351,50,5.24
computers_accessories,2017-07,326,118.73926380368098,60,5.433333333333334
computers_accessories,2017-08,355,100.61554929577464,64,5.546875
computers_accessories,2017-09,253,114.35169960474308,64,3.953125
computers_accessories,2017-10,323,136.53557275541795,68,4.75
computers_accessories,2017-11,539,137.4335064935065,83,6.493975903614458
computers_accessories,2017-12,289,132.46529411764706,74,3.9054054054054053
computers_accessories,2018-01,725,117.33593103448277,82,8.841463414634147
computers_accessories,2018-02,1008,102.57478174603175,82,12.292682926829269
computers_accessories,2018-03,762,112.81931758530185,87,8.758620689655173
computers_accessories,2018-04,544,109.65294117647058,82,6.634146341463414
computers_accessories,2018-05,464,111.0252801724138,78,5.948717948717949
computers_accessories,2018-06,408,103.74129901960784,77,5.298701298701299
computers_accessories,2018-07,427,98.13299765807963,80,5.3375
computers_accessories,2018-08,419,96.16689737470168,81,5.172839506172839
consoles_games,2016-10,10,388.226,4,2.5
consoles_games,2017-01,23,258.8782608695652,6,3.8333333333333335
consoles_games,2017-02,18,238.5983333333333,7,2.5714285714285716
consoles_games,2017-03,50,215.3768,16,3.125
consoles_games,2017-04,17,221.93411764705883,8,2.125
consoles_games,2017-05,29,86.4551724137931,13,2.230769230769231
consoles_games,2017-06,30,179.63400000000001,12,2.5
consoles_games,2017-07,48,118.33666666666666,16,3.0
consoles_games,2017-08,91,102.8489010989011,17,5.352941176470588
consoles_games,2017-09,66,135.00560606060608,16,4.125
consoles_games,2017-10,109,97.32908256880735,22,4.954545454545454
consoles_games,2017-11,134,94.09611940298507,17,7.882352941176471
consoles_games,2017-12,93,97.58075268817204,20,4.65
consoles_games,2018-01,54,151.87,13,4.153846153846154
consoles_games,2018-02,52,230.3601923076923,16,3.25
consoles_games,2018-03,58,204.46068965517244,17,3.411764705882353
consoles_games,2018-04,48,150.82083333333335,16,3.0
consoles_games,2018-05,54,104.89018518518517,20,2.7
consoles_games,2018-06,43,160.53511627906977,14,3.0714285714285716
consoles_games,2018-07,49,173.85938775510206,15,3.2666666666666666
consoles_games,2018-08,62,77.81435483870968,18,3.4444444444444446
construction_tools_construction,2017-01,1,310.0,1,1.0
construction_tools_construction,2017-02,3,112.26333333333334,2,1.5
construction_tools_construction,2017-03,4,193.35,3,1.3333333333333333
construction_tools_construction,2017-05,1,99.99,1,1.0
construction_tools_construction,2017-06,8,47.04625,3,2.6666666666666665
construction_tools_construction,2017-07,6,91.57333333333332,2,3.0
construction_tools_construction,2017-08,7,168.57142857142858,4,1.75
construction_tools_construction,2017-09,11,117.2,5,2.2
construction_tools_construction,2017-10,19,135.58842105263156,7,2.7142857142857144
construction_tools_construction,2017-11,47,148.7991489361702,19,2.473684210526316
construction_tools_construction,2017-12,27,215.9388888888889,13,2.076923076923077
construction_tools_construction,2018-01,50,209.9196,19,2.6315789473684212
construction_tools_construction,2018-02,69,130.4923188405797,18,3.8333333333333335
construction_tools_construction,2018-03,71,148.58281690140845,23,3.0869565217391304
construction_tools_construction,2018-04,92,144.49815217391304,36,2.5555555555555554
construction_tools_construction,2018-05,125,165.9888,38,3.289473684210526
construction_tools_construction,2018-06,113,203.07716814159292,44,2.5681818181818183
construction_tools_construction,2018-07,115,132.4997391304348,49,2.3469387755102042
construction_tools_construction,2018-08,162,141.46395061728396,51,3.176470588235294
construction_tools_lights,2017-07,1,360.0,1,1.0
construction_tools_lights,2017-08,2,294.5,1,2.0
construction_tools_lights,2017-09,1,229.0,1,1.0
construction_tools_lights,2017-10,2,250.0,1,2.0
construction_tools_lights,2017-11,10,219.948,3,3.3333333333333335
construction_tools_lights,2017-12,2,88.0,1,2.0
construction_tools_lights,2018-01,7,341.85571428571427,4,1.75
construction_tools_lights,2018-02,17,94.75294117647059,8,2.125
construction_tools_lights,2018-03,13,195.1307692307692,5,2.6
construction_tools_lights,2018-04,47,105.58872340425532,9,5.222222222222222
construction_tools_lights,2018-05,41,133.60512195121953,6,6.833333333333333
construction_tools_lights,2018-06,44,104.1684090909091,5,8.8
construction_tools_lights,2018-07,56,133.52875,19,2.9473684210526314
construction_tools_lights,2018-08,62,132.4601612903226,16,3.875
construction_tools_safety,2017-02,1,379.0,1,1.0
construction_tools_safety,2017-03,2,190.0,1,2.0
construction_tools_safety,2017-08,1,8.9,1,1.0
construction_tools_safety,2017-09,5,224.908,3,1.6666666666666667
construction_tools_safety,2017-10,12,139.07083333333333,3,4.0
construction_tools_safety,2017-11,15,221.23933333333335,2,7.5
construction_tools_safety,2017-12,7,197.8457142857143,2,3.5
construction_tools_safety,2018-01,11,202.62636363636364,6,1.8333333333333333
construction_tools_safety,2018-02,8,745.71875,6,1.3333333333333333
construction_tools_safety,2018-03,22,244.31227272727273,7,3.142857142857143
construction_tools_safety,2018-04,24,120.30250000000001,10,2.4
construction_tools_safety,2018-05,29,251.67275862068965,7,4.142857142857143
construction_tools_safety,2018-06,16,160.335625,6,2.6666666666666665
construction_tools_safety,2018-07,15,125.93,10,1.5
construction_tools_safety,2018-08,26,156.5430769230769,13,2.0
cool_stuff,2016-10,8,138.875,8,1.0
cool_stuff,2017-01,40,194.62175,21,1.9047619047619047
cool_stuff,2017-02,70,190.33714285714285,26,2.6923076923076925
cool_stuff,2017-03,123,171.50577235772357,41,3.0
cool_stuff,2017-04,121,180.34776859504134,37,3.27027027027027
cool_stuff,2017-05,249,136.1295983935743,41,6.073170731707317
cool_stuff,2017-06,203,190.16985221674878,39,5.205128205128205
cool_stuff,2017-07,230,163.0728695652174,46,5.0
cool_stuff,2017-08,264,158.03041666666667,56,4.714285714285714
cool_stuff,2017-09,208,184.80927884615386,56,3.7142857142857144
cool_stuff,2017-10,258,174.0698062015504,63,4.095238095238095
cool_stuff,2017-11,304,186.22776315789474,77,3.948051948051948
cool_stuff,2017-12,252,154.80769841269841,57,4.421052631578948
cool_stuff,2018-01,301,134.25149501661127,68,4.426470588235294
cool_stuff,2018-02,187,165.7872192513369,51,3.6666666666666665
cool_stuff,2018-03,256,149.817265625,59,4.338983050847458
cool_stuff,2018-04,207,170.05990338164253,52,3.980769230769231
cool_stuff,2018-05,177,170.22090395480225,44,4.0227272727272725
cool_stuff,2018-06,103,187.53757281553396,42,2.4523809523809526
cool_stuff,2018-07,122,251.2418852459016,44,2.772727272727273
cool_stuff,2018-08,123,132.9640650406504,51,2.411764705882353
costruction_tools_garden,2017-02,2,289.99,1,2.0
costruction_tools_garden,2017-04,8,186.27625,3,2.6666666666666665
costruction_tools_garden,2017-05,8,197.155,3,2.6666666666666665
costruction_tools_garden,2017-06,4,108.67250000000001,3,1.3333333333333333
costruction_tools_garden,2017-07,8,43.447500000000005,4,2.0
costruction_tools_garden,2017-08,10,128.619,7,1.4285714285714286
costruction_tools_garden,2017-09,6,49.583333333333336,4,1.5
costruction_tools_garden,2017-10,9,82.98888888888888,4,2.25
costruction_tools_garden,2017-11,17,71.67647058823529,6,2.8333333333333335
costruction_tools_garden,2017-12,6,154.81666666666666,3,2.0
costruction_tools_garden,2018-01,24,163.66583333333332,6,4.0
costruction_tools_garden,2018-02,21,74.65238095238095,5,4.2
costruction_tools_garden,2018-03,24,105.06791666666668,8,3.0
costruction_tools_garden,2018-04,18,73.71055555555556,7,2.5714285714285716
costruction_tools_garden,2018-05,16,67.08,8,2.0
costruction_tools_garden,2018-06,11,72.67636363636365,3,3.6666666666666665
costruction_tools_garden,2018-07,25,78.25880000000001,10,2.5
costruction_tools_garden,2018-08,23,160.3808695652174,10,2.3
costruction_tools_tools,2017-04,1,729.0,1,1.0
costruction_tools_tools,2017-05,2,401.95,2,1.0
costruction_tools_tools,2017-09,3,305.63,3,1.0
costruction_tools_tools,2017-10,5,203.72,3,1.6666666666666667
costruction_tools_tools,2017-11,5,53.9,1,5.0
costruction_tools_tools,2017-12,6,58.23333333333333,1,6.0
costruction_tools_tools,2018-01,8,66.5375,3,2.6666666666666665
costruction_tools_tools,2018-02,12,109.85000000000001,3,4.0
costruction_tools_tools,2018-03,9,103.47777777777777,4,2.25
costruction_tools_tools,2018-04,17,78.41117647058823,7,2.4285714285714284
costruction_tools_tools,2018-05,5,83.58,2,2.5
costruction_tools_tools,2018-06,4,131.75,2,2.0
costruction_tools_tools,2018-07,12,458.43333333333334,8,1.5
costruction_tools_tools,2018-08,14,89.69785714285715,11,1.2727272727272727
diapers_and_hygiene,2016-10,1,134.9,1,1.0
diapers_and_hygiene,2017-12,2,38.0,1,2.0
diapers_and_hygiene,2018-01,5,25.0,1,5.0
diapers_and_hygiene,2018-02,4,25.0,1,4.0
diapers_and_hygiene,2018-03,6,27.166666666666668,1,6.0
diapers_and_hygiene,2018-04,4,37.25,3,1.3333333333333333
diapers_and_hygiene,2018-05,3,39.0,2,1.5
diapers_and_hygiene,2018-06,7,45.857142857142854,3,2.3333333333333335
diapers_and_hygiene,2018-07,4,37.45,2,2.0
diapers_and_hygiene,2018-08,3,77.29666666666667,2,1.5
drinks,2017-03,5,92.774,3,1.6666666666666667
drinks,2017-04,7,28.56142857142857,1,7.0
drinks,2017-05,1,90.0,1,1.0
drinks,2017-06,1,49.99,1,1.0
drinks,2017-07,3,91.32333333333334,1,3.0
drinks,2017-08,2,59.95,2,1.0
drinks,2017-09,8,40.99625,3,2.6666666666666665
drinks,2017-10,12,49.748333333333335,1,12.0
drinks,2017-11,23,35.90478260869565,5,4.6
drinks,2017-12,34,62.73058823529412,5,6.8
drinks,2018-01,52,44.37711538461539,6,8.666666666666666
drinks,2018-02,32,61.4825,5,6.4
drinks,2018-03,21,45.84285714285714,6,3.5
drinks,2018-04,54,92.89703703703705,10,5.4
drinks,2018-05,48,58.14541666666667,9,5.333333333333333
drinks,2018-06,33,47.486969696969695,6,5.5
drinks,2018-07,17,78.53941176470589,10,1.7
drinks,2018-08,30,49.241,10,3.0
dvds_blu_ray,2017-01,2,14.9,1,2.0
dvds_blu_ray,2017-02,1,14.9,1,1.0
dvds_blu_ray,2017-03,5,374.74,3,1.6666666666666667
dvds_blu_ray,2017-04,2,717.45,2,1.0
dvds_blu_ray,2017-05,4,22.4,1,4.0
dvds_blu_ray,2017-06,4,31.6725,1,4.0
dvds_blu_ray,2017-07,4,187.42499999999998,2,2.0
dvds_blu_ray,2017-08,6,18.9,1,6.0
dvds_blu_ray,2017-09,2,19.9,1,2.0
dvds_blu_ray,2017-10,5,38.9,1,5.0
dvds_blu_ray,2017-11,3,26.596666666666664,2,1.5
dvds_blu_ray,2017-12,1,119.9,1,1.0
dvds_blu_ray,2018-01,2,24.9,1,2.0
dvds_blu_ray,2018-02,1,24.9,1,1.0
dvds_blu_ray,2018-03,2,24.9,1,2.0
dvds_blu_ray,2018-04,5,18.5,2,2.5
dvds_blu_ray,2018-05,7,62.848571428571425,3,2.3333333333333335
dvds_blu_ray,2018-06,6,63.81333333333333,4,1.5
dvds_blu_ray,2018-07,1,83.99,1,1.0
dvds_blu_ray,2018-08,1,8.9,1,1.0
electronics,2016-10,2,653.495,2,1.0
electronics,2017-01,11,56.09090909090909,6,1.8333333333333333
electronics,2017-02,19,64.14999999999999,10,1.9
electronics,2017-03,37,107.72972972972973,17,2.176470588235294
electronics,2017-04,48,100.46333333333332,16,3.0
electronics,2017-05,68,98.66338235294117,16,4.25
electronics,2017-06,42,50.00095238095238,14,3.0
electronics,2017-07,97,75.74061855670104,19,5.105263157894737
electronics,2017-08,56,50.96696428571429,14,4.0
electronics,2017-09,67,64.76059701492538,22,3.0454545454545454
electronics,2017-10,63,54.83047619047618,16,3.9375
electronics,2017-11,184,54.48989130434782,28,6.571428571428571
electronics,2017-12,210,40.654809523809526,23,9.130434782608695
electronics,2018-01,352,45.814147727272726,31,11.35483870967742
electronics,2018-02,332,44.51987951807229,36,9.222222222222221
electronics,2018-03,261,48.10268199233716,31,8.419354838709678
electronics,2018-04,214,51.50668224299066,32,6.6875
electronics,2018-05,235,72.2948510638298,37,6.351351351351352
electronics,2018-06,191,50.59984293193717,38,5.026315789473684
electronics,2018-07,159,70.13050314465409,44,3.6136363636363638
electronics,2018-08,120,89.74558333333333,45,2.6666666666666665
fashio_female_clothing,2016-10,1,54.9,1,1.0
fashio_female_clothing,2017-01,2,38.65,1,2.0
fashio_female_clothing,2017-02,4,114.45,3,1.3333333333333333
fashio_female_clothing,2017-03,1,19.9,1,1.0
fashio_female_clothing,2017-04,1,64.9,1,1.0
fashio_female_clothing,2017-05,5,84.48,3,1.6666666666666667
fashio_female_clothing,2017-06,3,51.6,3,1.0
fashio_female_clothing,2017-07,5,75.32000000000001,2,2.5
fashio_female_clothing,2017-08,4,47.175,2,2.0
fashio_female_clothing,2017-09,4,88.925,3,1.3333333333333333
fashio_female_clothing,2017-11,4,24.945,2,2.0
fashio_female_clothing,2018-01,3,53.93000000000001,2,1.5
fashio_female_clothing,2018-02,1,29.99,1,1.0
fashio_female_clothing,2018-03,4,29.99,1,4.0
fashio_female_clothing,2018-04,5,34.99,1,5.0
fashio_female_clothing,2018-08,3,43.32333333333333,1,3.0
fashion_bags_accessories,2016-10,9,56.47777777777778,5,1.8
fashion_bags_accessories,2016-12,1,10.9,1,1.0
fashion_bags_accessories,2017-01,35,47.77057142857143,7,5.0
fashion_bags_accessories,2017-02,41,59.36365853658536,13,3.1538461538461537
fashion_bags_accessories,2017-03,68,71.48764705882353,18,3.7777777777777777
fashion_bags_accessories,2017-04,50,64.396,18,2.7777777777777777
fashion_bags_accessories,2017-05,114,66.94175438596491,25,4.56
fashion_bags_accessories,2017-06,83,82.30156626506023,20,4.15
fashion_bags_accessories,2017-07,88,59.0125,22,4.0
fashion_bags_accessories,2017-08,100,66.6758,28,3.5714285714285716
fashion_bags_accessories,2017-09,128,94.555546875,31,4.129032258064516
fashion_bags_accessories,2017-10,110,71.87327272727273,33,3.3333333333333335
fashion_bags_accessories,2017-11,201,66.88995024875622,40,5.025
fashion_bags_accessories,2017-12,136,74.39308823529413,31,4.387096774193548
fashion_bags_accessories,2018-01,126,63.34698412698413,31,4.064516129032258
fashion_bags_accessories,2018-02,108,91.07981481481482,26,4.153846153846154
fashion_bags_accessories,2018-03,141,73.33177304964539,30,4.7
fashion_bags_accessories,2018-04,107,84.40046728971963,34,3.1470588235294117
fashion_bags_accessories,2018-05,113,103.16867256637168,28,4.035714285714286
fashion_bags_accessories,2018-06,87,90.45919540229885,25,3.48
fashion_bags_accessories,2018-07,77,80.02428571428571,28,2.75
fashion_bags_accessories,2018-08,127,64.3892125984252,36,3.5277777777777777
fashion_childrens_clothes,2017-05,1,110.0,1,1.0
fashion_childrens_clothes,2017-06,1,110.0,1,1.0
fashion_childrens_clothes,2017-08,1,49.9,1,1.0
fashion_childrens_clothes,2017-09,1,89.99,1,1.0
fashion_childrens_clothes,2017-10,1,39.99,1,1.0
fashion_childrens_clothes,2018-03,2,39.99,1,2.0
fashion_childrens_clothes,2018-06,1,89.99,1,1.0
fashion_male_clothing,2016-10,1,24.9,1,1.0
fashion_male_clothing,2017-01,1,126.9,1,1.0
fashion_male_clothing,2017-02,7,91.83571428571429,4,1.75
fashion_male_clothing,2017-03,9,64.53333333333333,4,2.25
fashion_male_clothing,2017-04,7,59.527142857142856,3,2.3333333333333335
fashion_male_clothing,2017-05,4,152.225,2,2.0
fashion_male_clothing,2017-06,10,56.96900000000001,4,2.5
fashion_male_clothing,2017-07,9,79.99888888888889,5,1.8
fashion_male_clothing,2017-08,15,80.33666666666666,7,2.142857142857143
fashion_male_clothing,2017-09,16,73.59375,5,3.2
fashion_male_clothing,2017-10,11,94.7090909090909,4,2.75
fashion_male_clothing,2017-11,12,77.49916666666667,5,2.4
fashion_male_clothing,2017-12,4,112.7225,3,1.3333333333333333
fashion_male_clothing,2018-01,6,91.76666666666667,3,2.0
fashion_male_clothing,2018-02,3,129.36333333333332,2,1.5
fashion_male_clothing,2018-04,1,195.0,1,1.0
fashion_male_clothing,2018-05,1,129.99,1,1.0
fashion_male_clothing,2018-06,7,63.971428571428575,4,1.75
fashion_male_clothing,2018-07,5,41.739999999999995,4,1.25
fashion_male_clothing,2018-08,3,127.23,3,1.0
fashion_shoes,2016-10,1,29.99,1,1.0
fashion_shoes,2017-01,1,34.9,1,1.0
fashion_shoes,2017-02,3,35.68333333333333,2,1.5
fashion_shoes,2017-03,14,108.21428571428571,3,4.666666666666667
fashion_shoes,2017-04,23,66.3695652173913,3,7.666666666666667
fashion_shoes,2017-05,22,75.88818181818182,4,5.5
fashion_shoes,2017-06,21,65.76666666666667,2,10.5
fashion_shoes,2017-07,20,71.1505,5,4.0
fashion_shoes,2017-08,22,67.80409090909092,5,4.4
fashion_shoes,2017-09,14,84.25714285714287,4,3.5
fashion_shoes,2017-10,18,103.38444444444445,5,3.6
fashion_shoes,2017-11,20,88.885,6,3.3333333333333335
fashion_shoes,2017-12,14,84.56428571428572,4,3.5
fashion_shoes,2018-01,9,74.07777777777778,4,2.25
fashion_shoes,2018-02,11,93.97272727272728,4,2.75
fashion_shoes,2018-03,12,104.39999999999999,3,4.0
fashion_shoes,2018-04,11,130.79090909090908,4,2.75
fashion_shoes,2018-05,10,158.27,3,3.3333333333333335
fashion_shoes,2018-06,10,123.05799999999999,3,3.3333333333333335
fashion_shoes,2018-07,6,151.68166666666667,2,3.0
fashion_shoes,2018-08,3,157.1,2,1.5
fashion_sport,2017-03,1,39.9,1,1.0
fashion_sport,2017-04,4,47.445,3,1.3333333333333333
fashion_sport,2017-05,4,37.457499999999996,3,1.3333333333333333
fashion_sport,2017-06,6,82.58166666666666,4,1.5
fashion_sport,2017-07,1,69.9,1,1.0
fashion_sport,2017-08,2,132.9,2,1.0
fashion_sport,2017-09,5,76.92,2,2.5
fashion_sport,2017-10,1,59.9,1,1.0
fashion_sport,2017-11,1,59.9,1,1.0
fashion_sport,2017-12,1,59.9,1,1.0
fashion_sport,2018-01,2,59.9,1,2.0
fashion_sport,2018-03,1,89.9,1,1.0
fashion_sport,2018-04,1,89.9,1,1.0
fashion_sport,2018-08,1,69.9,1,1.0
fashion_underwear_beach,2017-01,2,68.625,1,2.0
fashion_underwear_beach,2017-02,8,49.621249999999996,2,4.0
fashion_underwear_beach,2017-03,6,65.69,4,1.5
fashion_underwear_beach,2017-04,4,24.697499999999998,3,1.3333333333333333
fashion_underwear_beach,2017-05,7,40.5,3,2.3333333333333335
fashion_underwear_beach,2017-06,1,3.9,1,1.0
fashion_underwear_beach,2017-07,3,91.60000000000001,2,1.5
fashion_underwear_beach,2017-08,13,85.46153846153847,4,3.25
fashion_underwear_beach,2017-09,18,99.42777777777778,4,4.5
fashion_underwear_beach,2017-10,3,62.6,3,1.0
fashion_underwear_beach,2017-11,10,122.16,4,2.5
fashion_underwear_beach,2017-12,13,90.23846153846154,3,4.333333333333333
fashion_underwear_beach,2018-01,8,94.3125,2,4.0
fashion_underwear_beach,2018-02,7,57.042857142857144,2,3.5
fashion_underwear_beach,2018-03,5,57.879999999999995,2,2.5
fashion_underwear_beach,2018-04,6,59.9,2,3.0
fashion_underwear_beach,2018-05,6,34.56666666666666,2,3.0
fashion_underwear_beach,2018-06,7,18.47142857142857,2,3.5
fashion_underwear_beach,2018-07,2,54.9,1,2.0
fashion_underwear_beach,2018-08,2,109.95,2,1.0
fixed_telephony,2016-10,5,140.976,5,1.0
fixed_telephony,2017-01,22,30.778181818181817,4,5.5
fixed_telephony,2017-02,22,34.51045454545454,7,3.142857142857143
fixed_telephony,2017-03,21,75.82619047619048,10,2.1
fixed_telephony,2017-04,11,272.57545454545453,6,1.8333333333333333
fixed_telephony,2017-05,11,45.66545454545455,5,2.2
fixed_telephony,2017-06,12,77.80583333333333,5,2.4
fixed_telephony,2017-07,9,24.30333333333333,3,3.0
fixed_telephony,2017-08,20,167.177,10,2.0
fixed_telephony,2017-09,13,1053.3007692307692,4,3.25
fixed_telephony,2017-10,7,535.9828571428571,6,1.1666666666666667
fixed_telephony,2017-11,5,188.796,4,1.25
fixed_telephony,2017-12,5,199.754,5,1.0
fixed_telephony,2018-01,10,244.41,7,1.4285714285714286
fixed_telephony,2018-02,12,511.55583333333334,8,1.5
fixed_telephony,2018-03,14,137.89928571428572,9,1.5555555555555556
fixed_telephony,2018-04,11,174.72181818181818,6,1.8333333333333333
fixed_telephony,2018-05,17,114.47647058823529,6,2.8333333333333335
fixed_telephony,2018-06,17,122.37176470588236,9,1.8888888888888888
fixed_telephony,2018-07,11,847.2172727272726,6,1.8333333333333333
fixed_telephony,2018-08,10,272.41700000000003,4,2.5
flowers,2017-11,6,31.3,2,3.0
flowers,2017-12,2,41.35,2,1.0
flowers,2018-01,10,28.46,2,5.0
flowers,2018-02,4,33.620000000000005,2,2.0
flowers,2018-03,3,29.89,1,3.0
flowers,2018-04,3,52.800000000000004,2,1.5
flowers,2018-05,1,16.4,1,1.0
flowers,2018-06,2,54.0,1,2.0
flowers,2018-07,2,23.994999999999997,2,1.0
food,2016-10,1,79.9,1,1.0
food,2017-01,2,21.41,1,2.0
food,2017-02,9,79.51444444444445,3,3.0
food,2017-03,24,111.14833333333333,5,4.8
food,2017-04,8,61.4125,5,1.6
food,2017-05,3,129.29999999999998,2,1.5
food,2017-06,1,149.9,1,1.0
food,2017-07,7,83.45142857142856,4,1.75
food,2017-08,8,45.5625,5,1.6
food,2017-09,17,58.40705882352941,6,2.8333333333333335
food,2017-10,17,47.41529411764706,3,5.666666666666667
food,2017-11,17,32.76176470588236,4,4.25
food,2017-12,14,69.87071428571429,10,1.4
food,2018-01,20,43.4205,8,2.5
food,2018-02,39,49.5748717948718,8,4.875
food,2018-03,35,44.568571428571424,6,5.833333333333333
food,2018-04,40,41.63575,8,5.0
food,2018-05,44,35.066590909090905,6,7.333333333333333
food,2018-06,24,57.1325,10,2.4
food,2018-07,64,52.78390625,19,3.3684210526315788
food,2018-08,116,71.17396551724138,23,5.043478260869565
food_drink,2017-03,5,22.16,4,1.25
food_drink,2017-04,3,15.966666666666667,2,1.5
food_drink,2017-05,17,24.487647058823526,7,2.4285714285714284
food_drink,2017-06,2,28.7,2,1.0
food_drink,2017-07,8,21.025,4,2.0
food_drink,2017-08,16,33.3625,6,2.6666666666666665
food_drink,2017-09,9,34.54,6,1.5
food_drink,2017-10,18,130.51277777777779,4,4.5
food_drink,2017-11,33,74.10818181818182,8,4.125
food_drink,2017-12,22,49.940000000000005,6,3.6666666666666665
food_drink,2018-01,11,31.015454545454546,6,1.8333333333333333
food_drink,2018-02,24,44.12916666666666,7,3.4285714285714284
food_drink,2018-03,19,123.72473684210526,10,1.9
food_drink,2018-04,18,33.614999999999995,9,2.0
food_drink,2018-05,25,49.577600000000004,10,2.5
food_drink,2018-06,11,26.713636363636365,4,2.75
food_drink,2018-07,18,45.20722222222222,9,2.0
food_drink,2018-08,21,48.981428571428566,10,2.1
furniture_bedroom,2017-01,8,9.15,1,8.0
furniture_bedroom,2017-02,1,450.0,1,1.0
furniture_bedroom,2017-04,5,171.792,2,2.5
furniture_bedroom,2017-05,9,263.33,4,2.25
furniture_bedroom,2017-06,2,154.495,2,1.0
furniture_bedroom,2017-07,5,241.398,4,1.25
furniture_bedroom,2017-08,3,206.0,3,1.0
furniture_bedroom,2017-09,4,177.4,3,1.3333333333333333
furniture_bedroom,2017-10,5,288.78000000000003,4,1.25
furniture_bedroom,2017-11,3,291.0,3,1.0
furniture_bedroom,2017-12,1,185.0,1,1.0
furniture_bedroom,2018-01,5,182.95999999999998,1,5.0
furniture_bedroom,2018-02,8,136.85,3,2.6666666666666665
furniture_bedroom,2018-03,6,178.63333333333333,4,1.5
furniture_bedroom,2018-04,8,183.8625,4,2.0
furniture_bedroom,2018-05,6,247.49666666666667,4,1.5
furniture_bedroom,2018-06,9,173.3322222222222,5,1.8
furniture_bedroom,2018-07,10,138.69,5,2.0
furniture_bedroom,2018-08,12,183.08333333333334,6,2.0
furniture_decor,2016-09,2,36.445,1,2.0
furniture_decor,2016-10,71,83.5856338028169,34,2.088235294117647
furniture_decor,2017-01,184,74.67451086956522,45,4.088888888888889
furniture_decor,2017-02,268,79.03694029850747,74,3.6216216216216215
furniture_decor,2017-03,332,72.83533132530121,74,4.486486486486487
furniture_decor,2017-04,203,106.84935960591132,67,3.029850746268657
furniture_decor,2017-05,289,84.3061937716263,67,4.313432835820896
furniture_decor,2017-06,233,72.71922746781117,58,4.017241379310345
furniture_decor,2017-07,321,77.42028037383177,65,4.938461538461539
furniture_decor,2017-08,449,81.00692650334076,80,5.6125
furniture_decor,2017-09,349,88.50598853868195,77,4.532467532467533
furniture_decor,2017-10,386,80.60823834196891,81,4.765432098765432
furniture_decor,2017-11,794,80.57282115869018,108,7.351851851851852
furniture_decor,2017-12,393,82.66857506361323,84,4.678571428571429
furniture_decor,2018-01,623,90.17393258426966,95,6.557894736842106
furniture_decor,2018-02,436,89.20715596330275,84,5.190476190476191
furniture_decor,2018-03,604,87.82579470198675,87,6.942528735632184
furniture_decor,2018-04,595,95.4889243697479,94,6.329787234042553
furniture_decor,2018-05,605,89.68757024793389,87,6.954022988505747
furniture_decor,2018-06,405,104.17338271604939,91,4.450549450549451
furniture_decor,2018-07,440,103.89884090909091,107,4.11214953271028
furniture_decor,2018-08,433,95.5661662817552,105,4.123809523809523
furniture_living_room,2017-01,10,124.19000000000001,3,3.3333333333333335
furniture_living_room,2017-02,24,157.98458333333335,4,6.0
furniture_living_room,2017-03,24,138.5,5,4.8
furniture_living_room,2017-04,12,172.77833333333334,7,1.7142857142857142
furniture_living_room,2017-05,34,144.98323529411766,9,3.7777777777777777
furniture_living_room,2017-06,15,114.22,5,3.0
furniture_living_room,2017-07,31,141.77806451612904,8,3.875
furniture_living_room,2017-08,23,107.74217391304349,8,2.875
furniture_living_room,2017-09,11,115.98818181818181,5,2.2
furniture_living_room,2017-10,19,80.67315789473685,6,3.1666666666666665
furniture_living_room,2017-11,39,159.30641025641026,13,3.0
furniture_living_room,2017-12,23,104.68304347826087,7,3.2857142857142856
furniture_living_room,2018-01,22,104.91363636363636,8,2.75
furniture_living_room,2018-02,27,178.58444444444444,11,2.4545454545454546
furniture_living_room,2018-03,19,185.36157894736843,7,2.7142857142857144
furniture_living_room,2018-04,34,150.99205882352942,16,2.125
furniture_living_room,2018-05,16,170.0675,9,1.7777777777777777
furniture_living_room,2018-06,29,122.12482758620689,11,2.6363636363636362
furniture_living_room,2018-07,55,123.266,15,3.6666666666666665
furniture_living_room,2018-08,40,130.58350000000002,15,2.6666666666666665
furniture_mattress_and_upholstery,2017-04,1,109.4,1,1.0
furniture_mattress_and_upholstery,2017-05,3,198.63,2,1.5
furniture_mattress_and_upholstery,2017-07,1,109.4,1,1.0
furniture_mattress_and_upholstery,2017-08,2,254.695,2,1.0
furniture_mattress_and_upholstery,2017-09,1,86.5,1,1.0
furniture_mattress_and_upholstery,2017-11,2,167.0,2,1.0
furniture_mattress_and_upholstery,2017-12,8,100.4625,3,2.6666666666666665
furniture_mattress_and_upholstery,2018-01,9,95.61111111111111,3,3.0
furniture_mattress_and_upholstery,2018-02,6,64.89999999999999,2,3.0
furniture_mattress_and_upholstery,2018-03,4,110.0,1,4.0
furniture_mattress_and_upholstery,2018-07,1,129.9,1,1.0
garden_tools,2016-10,5,271.976,5,1.0
garden_tools,2017-01,58,140.56465517241378,19,3.0526315789473686
garden_tools,2017-02,72,182.5640277777778,35,2.057142857142857
garden_tools,2017-03,150,158.31433333333334,32,4.6875
garden_tools,2017-04,119,174.86789915966386,38,3.1315789473684212
garden_tools,2017-05,141,146.76212765957447,41,3.4390243902439024
garden_tools,2017-06,116,141.5178448275862,39,2.9743589743589745
garden_tools,2017-07,190,105.61605263157894,36,5.277777777777778
garden_tools,2017-08,241,101.34107883817428,39,6.17948717948718
garden_tools,2017-09,225,100.03213333333333,38,5.921052631578948
garden_tools,2017-10,281,92.45103202846975,31,9.064516129032258
garden_tools,2017-11,552,83.4294927536232,48,11.5
garden_tools,2017-12,325,85.19904615384615,38,8.552631578947368
garden_tools,2018-01,240,112.65808333333332,35,6.857142857142857
garden_tools,2018-02,301,90.0582392026578,41,7.341463414634147
garden_tools,2018-03,263,105.19448669201522,48,5.479166666666667
garden_tools,2018-04,288,121.65847222222222,56,5.142857142857143
garden_tools,2018-05,292,129.84989726027396,59,4.9491525423728815
garden_tools,2018-06,185,97.39843243243243,45,4.111111111111111
garden_tools,2018-07,179,146.2222346368715,56,3.1964285714285716
garden_tools,2018-08,138,119.07492753623188,45,3.066666666666667
health_beauty,2016-09,3,44.99,1,3.0
health_beauty,2016-10,48,94.84395833333333,14,3.4285714285714284
health_beauty,2017-01,85,147.78023529411763,26,3.269230769230769
health_beauty,2017-02,166,137.58307228915663,46,3.608695652173913
health_beauty,2017-03,211,123.20023696682465,50,4.22
health_beauty,2017-04,190,120.81968421052632,49,3.877551020408163
health_beauty,2017-05,293,161.55225255972695,61,4.80327868852459
health_beauty,2017-06,264,122.00511363636365,56,4.714285714285714
health_beauty,2017-07,321,109.55364485981309,66,4.863636363636363
health_beauty,2017-08,366,138.16715846994535,78,4.6923076923076925
health_beauty,2017-09,390,133.41679487179488,89,4.382022471910112
health_beauty,2017-10,368,115.05067934782609,84,4.380952380952381
health_beauty,2017-11,585,135.34938461538462,114,5.131578947368421
health_beauty,2017-12,470,131.22202127659574,94,5.0
health_beauty,2018-01,633,114.94102685624013,120,5.275
health_beauty,2018-02,677,129.85629246676515,130,5.207692307692308
health_beauty,2018-03,674,133.626706231454,126,5.349206349206349
health_beauty,2018-04,694,132.20610951008643,141,4.921985815602837
health_beauty,2018-05,770,125.2731948051948,147,5.238095238095238
health_beauty,2018-06,885,121.93087005649717,171,5.175438596491228
health_beauty,2018-07,785,134.9503439490446,171,4.590643274853801
health_beauty,2018-08,849,142.2896819787986,180,4.716666666666667
home_appliances,2017-02,7,105.84285714285714,2,3.5
home_appliances,2017-03,11,31.2,4,2.75
home_appliances,2017-04,10,49.94,3,3.3333333333333335
home_appliances,2017-05,32,63.5871875,5,6.4
home_appliances,2017-06,46,56.09108695652174,3,15.333333333333334
home_appliances,2017-07,37,99.24297297297298,5,7.4
home_appliances,2017-08,52,90.35480769230769,5,10.4
home_appliances,2017-09,10,182.019,7,1.4285714285714286
home_appliances,2017-10,8,243.885,6,1.3333333333333333
home_appliances,2017-11,25,180.6376,7,3.5714285714285716
home_appliances,2017-12,16,83.1875,5,3.2
home_appliances,2018-01,30,63.498333333333335,6,5.0
home_appliances,2018-02,52,109.15153846153846,10,5.2
home_appliances,2018-03,74,135.86472972972973,7,10.571428571428571
home_appliances,2018-04,112,145.98973214285715,15,7.466666666666667
home_appliances,2018-05,66,93.86196969696971,14,4.714285714285714
home_appliances,2018-06,71,94.32957746478873,16,4.4375
home_appliances,2018-07,84,65.58238095238096,8,10.5
home_appliances,2018-08,66,100.32712121212121,12,5.5
home_appliances_2,2017-01,8,265.835,4,2.0
home_appliances_2,2017-02,1,15.99,1,1.0
home_appliances_2,2017-03,2,250.45,2,1.0
home_appliances_2,2017-04,2,399.9,1,2.0
home_appliances_2,2017-05,9,343.6711111111111,4,2.25
home_appliances_2,2017-06,6,202.3116666666667,3,2.0
home_appliances_2,2017-07,7,147.71285714285713,2,3.5
home_appliances_2,2017-08,17,235.56176470588235,7,2.4285714285714284
home_appliances_2,2017-09,6,271.3,5,1.2
home_appliances_2,2017-10,10,280.317,7,1.4285714285714286
home_appliances_2,2017-11,14,355.96999999999997,7,2.0
home_appliances_2,2017-12,8,248.77,4,2.0
home_appliances_2,2018-01,13,663.8538461538462,6,2.1666666666666665
home_appliances_2,2018-02,21,428.5157142857143,10,2.1
home_appliances_2,2018-03,12,470.68333333333334,10,1.2
home_appliances_2,2018-04,23,901.8126086956521,11,2.090909090909091
home_appliances_2,2018-05,23,627.88,11,2.090909090909091
home_appliances_2,2018-06,19,437.5115789473684,11,1.7272727272727273
home_appliances_2,2018-07,24,530.68,14,1.7142857142857142
home_appliances_2,2018-08,15,658.8506666666667,9,1.6666666666666667
home_comfort_2,2017-01,2,36.4,2,1.0
home_comfort_2,2017-03,3,114.29333333333334,2,1.5
home_comfort_2,2017-04,1,12.9,1,1.0
home_comfort_2,2017-06,1,12.9,1,1.0
home_comfort_2,2017-07,1,12.9,1,1.0
home_comfort_2,2017-08,3,12.9,1,3.0
home_comfort_2,2017-09,1,12.9,1,1.0
home_comfort_2,2017-10,5,12.9,1,5.0
home_comfort_2,2017-11,3,12.9,1,3.0
home_comfort_2,2018-02,3,12.9,1,3.0
home_comfort_2,2018-03,1,34.99,1,1.0
home_comfort_2,2018-04,1,12.9,1,1.0
home_comfort_2,2018-06,2,12.9,1,2.0
home_comfort_2,2018-07,3,12.9,1,3.0
home_confort,2017-02,3,138.22,2,1.5
home_confort,2017-03,13,163.33846153846156,4,3.25
home_confort,2017-04,17,141.82941176470587,6,2.8333333333333335
home_confort,2017-05,38,141.67815789473684,6,6.333333333333333
home_confort,2017-06,18,169.78833333333333,5,3.6
home_confort,2017-07,44,105.76704545454545,6,7.333333333333333
home_confort,2017-08,28,142.86392857142857,6,4.666666666666667
home_confort,2017-09,33,139.16181818181818,4,8.25
home_confort,2017-10,27,134.06666666666666,4,6.75
home_confort,2017-11,45,119.00866666666667,6,7.5
home_confort,2017-12,15,155.64666666666665,4,3.75
home_confort,2018-01,18,167.78666666666666,5,3.6
home_confort,2018-02,21,143.46476190476193,3,7.0
home_confort,2018-03,21,120.11333333333334,4,5.25
home_confort,2018-04,18,107.74444444444445,4,4.5
home_confort,2018-05,22,126.2090909090909,3,7.333333333333333
home_confort,2018-06,16,149.15562500000001,4,4.0
home_confort,2018-07,24,124.34916666666668,6,4.0
home_confort,2018-08,16,140.08,5,3.2
home_construction,2017-02,4,173.9,1,4.0
home_construction,2017-03,10,59.196000000000005,3,3.3333333333333335
home_construction,2017-04,5,320.538,3,1.6666666666666667
home_construction,2017-05,7,231.5,2,3.5
home_construction,2017-06,8,249.0375,3,2.6666666666666665
home_construction,2017-07,2,46.8,1,2.0
home_construction,2017-08,1,124.8,1,1.0
home_construction,2017-09,11,123.43727272727273,8,1.375
home_construction,2017-10,18,233.39833333333334,10,1.8
home_construction,2017-11,38,129.91368421052633,14,2.7142857142857144
home_construction,2017-12,39,172.70000000000002,13,3.0
home_construction,2018-01,42,138.75190476190477,15,2.8
home_construction,2018-02,39,135.99743589743588,16,2.4375
home_construction,2018-03,44,128.17068181818183,12,3.6666666666666665
home_construction,2018-04,76,122.61184210526316,21,3.619047619047619
home_construction,2018-05,79,128.54784810126583,21,3.761904761904762
home_construction,2018-06,71,128.09281690140844,13,5.461538461538462
home_construction,2018-07,62,111.29032258064517,14,4.428571428571429
home_construction,2018-08,49,143.1869387755102,14,3.5
housewares,2016-10,12,107.25583333333334,6,2.0
housewares,2017-01,28,100.985,16,1.75
housewares,2017-02,81,156.29222222222222,33,2.4545454545454546
housewares,2017-03,209,65.3024880382775,46,4.543478260869565
housewares,2017-04,183,82.1248087431694,51,3.588235294117647
housewares,2017-05,310,70.20432258064517,61,5.081967213114754
housewares,2017-06,331,71.3707250755287,60,5.516666666666667
housewares,2017-07,278,75.4931654676259,65,4.276923076923077
housewares,2017-08,288,82.40951388888888,82,3.5121951219512195
housewares,2017-09,255,79.6598431372549,75,3.4
housewares,2017-10,235,68.07076595744681,74,3.175675675675676
housewares,2017-11,426,84.75234741784037,97,4.391752577319588
housewares,2017-12,295,87.87101694915255,83,3.5542168674698793
housewares,2018-01,359,106.06771587743732,103,3.4854368932038833
housewares,2018-02,407,88.24339066339066,100,4.07
housewares,2018-03,408,92.15769607843136,112,3.642857142857143
housewares,2018-04,471,96.40331210191083,135,3.488888888888889
housewares,2018-05,619,101.78282714054927,138,4.4855072463768115
housewares,2018-06,586,97.05861774744027,163,3.5950920245398774
housewares,2018-07,579,109.78329879101899,165,3.5090909090909093
housewares,2018-08,629,95.71171701112877,181,3.4751381215469612
industry_commerce_and_business,2016-10,4,89.9,1,4.0
industry_commerce_and_business,2017-02,1,119.0,1,1.0
industry_commerce_and_business,2017-03,2,119.0,1,2.0
industry_commerce_and_business,2017-05,2,259.9,2,1.0
industry_commerce_and_business,2017-06,2,138.485,1,2.0
industry_commerce_and_business,2017-07,2,122.97999999999999,2,1.0
industry_commerce_and_business,2017-08,3,318.96666666666664,3,1.0
industry_commerce_and_business,2017-09,2,109.99,1,2.0
industry_commerce_and_business,2017-10,5,451.338,3,1.6666666666666667
industry_commerce_and_business,2017-11,7,296.3957142857143,6,1.1666666666666667
industry_commerce_and_business,2017-12,9,203.16666666666666,5,1.8
industry_commerce_and_business,2018-01,19,192.73684210526315,6,3.1666666666666665
industry_commerce_and_business,2018-02,38,126.62078947368421,10,3.8
industry_commerce_and_business,2018-03,29,100.77413793103447,7,4.142857142857143
industry_commerce_and_business,2018-04,53,107.36999999999999,8,6.625
industry_commerce_and_business,2018-05,41,94.90219512195121,6,6.833333333333333
industry_commerce_and_business,2018-06,26,100.38076923076923,5,5.2
industry_commerce_and_business,2018-07,14,335.515,7,2.0
industry_commerce_and_business,2018-08,10,236.469,7,1.4285714285714286
kitchen_dining_laundry_garden_furniture,2017-01,1,110.0,1,1.0
kitchen_dining_laundry_garden_furniture,2017-02,2,69.95,2,1.0
kitchen_dining_laundry_garden_furniture,2017-03,3,37.99333333333333,2,1.5
kitchen_dining_laundry_garden_furniture,2017-04,9,114.82222222222221,4,2.25
kitchen_dining_laundry_garden_furniture,2017-05,9,144.94222222222223,5,1.8
kitchen_dining_laundry_garden_furniture,2017-06,4,93.7,3,1.3333333333333333
kitchen_dining_laundry_garden_furniture,2017-07,11,119.68181818181819,5,2.2
kitchen_dining_laundry_garden_furniture,2017-08,7,143.74285714285716,7,1.0
kitchen_dining_laundry_garden_furniture,2017-09,5,92.81800000000001,5,1.0
kitchen_dining_laundry_garden_furniture,2017-10,16,214.2875,10,1.6
kitchen_dining_laundry_garden_furniture,2017-11,33,151.73909090909092,14,2.357142857142857
kitchen_dining_laundry_garden_furniture,2017-12,20,213.865,10,2.0
kitchen_dining_laundry_garden_furniture,2018-01,21,230.4047619047619,9,2.3333333333333335
kitchen_dining_laundry_garden_furniture,2018-02,21,232.3409523809524,10,2.1
kitchen_dining_laundry_garden_furniture,2018-03,12,236.88833333333332,7,1.7142857142857142
kitchen_dining_laundry_garden_furniture,2018-04,20,158.27349999999998,11,1.8181818181818181
kitchen_dining_laundry_garden_furniture,2018-05,13,177.69923076923078,6,2.1666666666666665
kitchen_dining_laundry_garden_furniture,2018-06,30,122.24766666666667,12,2.5
kitchen_dining_laundry_garden_furniture,2018-07,23,168.5195652173913,13,1.7692307692307692
kitchen_dining_laundry_garden_furniture,2018-08,21,102.68904761904761,11,1.9090909090909092
kitchen_dining_laundry_garden_furniture,2018-09,1,145.0,1,1.0
la_cuisine,2017-04,1,24.0,1,1.0
la_cuisine,2017-05,1,193.0,1,1.0
la_cuisine,2017-07,4,117.4975,2,2.0
la_cuisine,2017-08,2,156.5,1,2.0
la_cuisine,2017-10,1,137.0,1,1.0
la_cuisine,2017-11,1,137.0,1,1.0
la_cuisine,2018-01,1,112.0,1,1.0
la_cuisine,2018-03,1,389.0,1,1.0
la_cuisine,2018-04,2,140.0,1,2.0
luggage_accessories,2017-01,5,98.5,2,2.5
luggage_accessories,2017-02,21,80.6752380952381,4,5.25
luggage_accessories,2017-03,38,155.895,5,7.6
luggage_accessories,2017-04,49,145.92244897959182,8,6.125
luggage_accessories,2017-05,70,179.1374285714286,8,8.75
luggage_accessories,2017-06,61,134.9522950819672,9,6.777777777777778
luggage_accessories,2017-07,74,112.94067567567568,11,6.7272727272727275
luggage_accessories,2017-08,63,108.46190476190476,7,9.0
luggage_accessories,2017-09,42,92.50904761904762,10,4.2
luggage_accessories,2017-10,56,111.43464285714286,13,4.3076923076923075
luggage_accessories,2017-11,72,118.5965277777778,15,4.8
luggage_accessories,2017-12,47,132.94063829787234,14,3.357142857142857
luggage_accessories,2018-01,128,146.39234375,23,5.565217391304348
luggage_accessories,2018-02,47,140.51808510638298,18,2.611111111111111
luggage_accessories,2018-03,57,103.71526315789474,16,3.5625
luggage_accessories,2018-04,57,152.28912280701755,18,3.1666666666666665
luggage_accessories,2018-05,49,135.07061224489797,18,2.7222222222222223
luggage_accessories,2018-06,36,140.85777777777778,16,2.25
luggage_accessories,2018-07,54,107.80962962962964,25,2.16
luggage_accessories,2018-08,66,103.75621212121212,24,2.75
market_place,2016-10,13,100.47615384615385,7,1.8571428571428572
market_place,2017-01,6,74.50666666666666,4,1.5
market_place,2017-02,22,76.73727272727272,14,1.5714285714285714
market_place,2017-03,17,106.38764705882353,12,1.4166666666666667
market_place,2017-04,20,204.509,10,2.0
market_place,2017-05,22,112.59,13,1.6923076923076923
market_place,2017-06,16,78.684375,11,1.4545454545454546
market_place,2017-07,13,121.02923076923076,9,1.4444444444444444
market_place,2017-08,23,84.23434782608695,12,1.9166666666666667
market_place,2017-09,11,104.29181818181819,9,1.2222222222222223
market_place,2017-10,11,92.68545454545455,7,1.5714285714285714
market_place,2017-11,16,84.74875,9,1.7777777777777777
market_place,2017-12,14,50.232142857142854,11,1.2727272727272727
market_place,2018-01,14,58.480000000000004,7,2.0
market_place,2018-02,28,68.60428571428572,9,3.111111111111111
market_place,2018-03,17,91.10235294117648,9,1.8888888888888888
market_place,2018-04,15,41.815333333333335,7,2.142857142857143
market_place,2018-05,14,68.38928571428572,8,1.75
market_place,2018-06,7,79.49428571428572,5,1.4
market_place,2018-07,4,46.695,3,1.3333333333333333
market_place,2018-08,8,118.65875,7,1.1428571428571428
music,2017-01,2,9.9,1,2.0
music,2017-03,1,27.99,1,1.0
music,2017-04,2,29.9,2,1.0
music,2017-06,4,266.725,2,2.0
music,2017-07,1,329.0,1,1.0
music,2017-10,1,54.9,1,1.0
music,2018-01,1,24.97,1,1.0
music,2018-02,2,122.485,2,1.0
music,2018-03,2,161.985,2,1.0
music,2018-04,5,339.372,5,1.0
music,2018-05,5,145.8,3,1.6666666666666667
music,2018-06,3,36.36,2,1.5
music,2018-07,3,283.09999999999997,3,1.0
music,2018-08,6,82.96833333333333,4,1.5
musical_instruments,2017-01,1,339.74,1,1.0
musical_instruments,2017-02,10,224.618,6,1.6666666666666667
musical_instruments,2017-03,10,166.733,7,1.4285714285714286
musical_instruments,2017-04,16,238.651875,8,2.0
musical_instruments,2017-05,21,477.1157142857143,9,2.3333333333333335
musical_instruments,2017-06,20,249.6525,8,2.5
musical_instruments,2017-07,32,262.8621875,13,2.4615384615384617
musical_instruments,2017-08,27,266.1314814814815,13,2.076923076923077
musical_instruments,2017-09,28,322.67749999999995,14,2.0
musical_instruments,2017-10,27,254.04296296296295,13,2.076923076923077
musical_instruments,2017-11,49,336.93673469387755,18,2.7222222222222223
musical_instruments,2017-12,42,257.70238095238096,16,2.625
musical_instruments,2018-01,53,290.671320754717,17,3.1176470588235294
musical_instruments,2018-02,44,204.90295454545455,18,2.4444444444444446
musical_instruments,2018-03,55,196.76727272727274,21,2.619047619047619
musical_instruments,2018-04,60,322.9218333333334,21,2.857142857142857
musical_instruments,2018-05,61,307.4929508196721,20,3.05
musical_instruments,2018-06,47,344.21106382978724,18,2.611111111111111
musical_instruments,2018-07,37,257.8864864864865,14,2.642857142857143
musical_instruments,2018-08,41,256.5692682926829,16,2.5625
office_furniture,2016-10,6,216.8133333333333,2,3.0
office_furniture,2017-01,10,144.435,2,5.0
office_furniture,2017-02,63,187.39650793650793,5,12.6
office_furniture,2017-03,78,151.07064102564104,5,15.6
office_furniture,2017-04,58,162.26379310344825,6,9.666666666666666
office_furniture,2017-05,56,150.06125,5,11.2
office_furniture,2017-06,50,145.5826,4,12.5
office_furniture,2017-07,116,147.4362068965517,4,29.0
office_furniture,2017-08,58,170.2993103448276,5,11.6
office_furniture,2017-09,67,146.39597014925374,5,13.4
office_furniture,2017-10,103,175.60990291262135,8,12.875
office_furniture,2017-11,102,176.94313725490196,9,11.333333333333334
office_furniture,2017-12,49,142.12979591836734,6,8.166666666666666
office_furniture,2018-01,145,138.7131724137931,8,18.125
office_furniture,2018-02,110,162.65245454545456,10,11.0
office_furniture,2018-03,202,154.95851485148515,11,18.363636363636363
office_furniture,2018-04,134,151.75119402985075,7,19.142857142857142
office_furniture,2018-05,105,200.05580952380953,11,9.545454545454545
office_furniture,2018-06,77,165.26727272727274,9,8.555555555555555
office_furniture,2018-07,82,167.99109756097562,13,6.3076923076923075
office_furniture,2018-08,30,225.29566666666668,7,4.285714285714286
party_supplies,2017-07,1,69.9,1,1.0
party_supplies,2017-09,2,134.9,1,2.0
party_supplies,2017-10,2,68.9,1,2.0
party_supplies,2017-11,4,217.6725,3,1.3333333333333333
party_supplies,2017-12,2,257.6,1,2.0
party_supplies,2018-01,2,67.9,1,2.0
party_supplies,2018-03,6,152.31666666666666,3,2.0
party_supplies,2018-04,2,21.9,1,2.0
party_supplies,2018-05,4,25.174999999999997,3,1.3333333333333333
party_supplies,2018-06,2,42.400000000000006,2,1.0
party_supplies,2018-07,2,28.75,2,1.0
party_supplies,2018-08,14,91.80642857142857,7,2.0
pc_gamer,2017-04,2,129.99,1,2.0
pc_gamer,2017-05,1,129.99,1,1.0
pc_gamer,2017-06,1,129.99,1,1.0
pc_gamer,2018-02,1,129.99,1,1.0
pc_gamer,2018-07,3,225.66666666666666,1,3.0
pc_gamer,2018-08,1,219.0,1,1.0
perfumery,2016-10,33,172.38484848484848,5,6.6
perfumery,2017-01,34,150.3705882352941,4,8.5
perfumery,2017-02,51,159.35647058823528,12,4.25
perfumery,2017-03,107,185.8610280373832,14,7.642857142857143
perfumery,2017-04,105,189.43914285714285,19,5.526315789473684
perfumery,2017-05,145,138.752,18,8.055555555555555
perfumery,2017-06,157,157.35019108280255,21,7.476190476190476
perfumery,2017-07,127,102.10244094488189,30,4.233333333333333
perfumery,2017-08,129,102.29891472868216,30,4.3
perfumery,2017-09,160,92.1554375,34,4.705882352941177
perfumery,2017-10,189,89.86571428571428,36,5.25
perfumery,2017-11,314,102.1359872611465,48,6.541666666666667
perfumery,2017-12,241,115.62004149377593,37,6.513513513513513
perfumery,2018-01,231,87.22021645021644,40,5.775
perfumery,2018-02,220,95.06618181818182,40,5.5
perfumery,2018-03,202,101.35272277227723,40,5.05
perfumery,2018-04,175,101.65891428571429,53,3.30188679245283
perfumery,2018-05,198,125.03888888888889,59,3.3559322033898304
perfumery,2018-06,189,144.6341798941799,49,3.857142857142857
perfumery,2018-07,205,109.3549756097561,57,3.5964912280701755
perfumery,2018-08,223,112.18695067264574,54,4.12962962962963
pet_shop,2016-10,4,172.42000000000002,2,2.0
pet_shop,2017-01,15,64.47466666666666,7,2.142857142857143
pet_shop,2017-02,40,93.22675000000001,16,2.5
pet_shop,2017-03,45,185.99911111111112,18,2.5
pet_shop,2017-04,51,121.23313725490196,21,2.4285714285714284
pet_shop,2017-05,73,111.6578082191781,22,3.3181818181818183
pet_shop,2017-06,64,81.93078125,20,3.2
pet_shop,2017-07,86,76.81244186046511,24,3.5833333333333335
pet_shop,2017-08,90,116.67544444444445,26,3.4615384615384617
pet_shop,2017-09,71,120.21014084507043,25,2.84
pet_shop,2017-10,76,108.46815789473685,23,3.3043478260869565
pet_shop,2017-11,99,114.40080808080809,26,3.8076923076923075
pet_shop,2017-12,74,97.66527027027027,27,2.740740740740741
pet_shop,2018-01,90,120.95511111111111,30,3.0
pet_shop,2018-02,102,94.06892156862746,34,3.0
pet_shop,2018-03,124,110.02975806451613,32,3.875
pet_shop,2018-04,170,110.46058823529411,44,3.8636363636363638
pet_shop,2018-05,136,86.09161764705883,33,4.121212121212121
pet_shop,2018-06,178,109.5043820224719,52,3.423076923076923
pet_shop,2018-07,162,122.59098765432097,46,3.5217391304347827
pet_shop,2018-08,199,124.90989949748743,48,4.145833333333333
portateis_cozinha_e_preparadores_de_alimentos,2018-05,2,979.0,1,2.0
portateis_cozinha_e_preparadores_de_alimentos,2018-07,8,21.50375,2,4.0
portateis_cozinha_e_preparadores_de_alimentos,2018-08,5,367.7,4,1.25
security_and_services,2017-01,1,183.29,1,1.0
security_and_services,2017-09,1,100.0,1,1.0
signaling_and_security,2017-03,1,75.0,1,1.0
signaling_and_security,2017-04,3,42.68666666666667,2,1.5
signaling_and_security,2017-05,4,127.2125,3,1.3333333333333333
signaling_and_security,2017-06,2,136.95,2,1.0
signaling_and_security,2017-07,6,88.36500000000001,4,1.5
signaling_and_security,2017-08,4,94.45,3,1.3333333333333333
signaling_and_security,2017-09,9,48.71111111111111,3,3.0
signaling_and_security,2017-10,10,74.4,3,3.3333333333333335
signaling_and_security,2017-11,5,119.35799999999999,2,2.5
signaling_and_security,2017-12,2,385.0,2,1.0
signaling_and_security,2018-01,8,131.09875,5,1.6
signaling_and_security,2018-02,15,47.71933333333333,5,3.0
signaling_and_security,2018-03,9,102.43333333333334,7,1.2857142857142858
signaling_and_security,2018-04,36,61.73055555555556,14,2.5714285714285716
signaling_and_security,2018-05,7,97.64285714285714,5,1.4
signaling_and_security,2018-06,27,217.1548148148148,14,1.9285714285714286
signaling_and_security,2018-07,29,130.52379310344827,11,2.6363636363636362
signaling_and_security,2018-08,22,82.98136363636364,11,2.0
small_appliances,2017-01,6,276.79833333333335,5,1.2
small_appliances,2017-02,28,258.985,13,2.1538461538461537
small_appliances,2017-03,31,360.35677419354835,12,2.5833333333333335
small_appliances,2017-04,21,1107.3323809523808,9,2.3333333333333335
small_appliances,2017-05,18,291.19111111111107,12,1.5
small_appliances,2017-06,23,421.6873913043478,10,2.3
small_appliances,2017-07,34,135.92235294117646,17,2.0
small_appliances,2017-08,37,116.59216216216215,14,2.642857142857143
small_appliances,2017-09,33,332.29181818181814,16,2.0625
small_appliances,2017-10,32,202.0265625,12,2.6666666666666665
small_appliances,2017-11,33,258.600606060606,14,2.357142857142857
small_appliances,2017-12,29,307.3713793103448,16,1.8125
small_appliances,2018-01,55,280.9229090909091,19,2.8947368421052633
small_appliances,2018-02,33,164.97454545454545,15,2.2
small_appliances,2018-03,37,385.40945945945947,17,2.176470588235294
small_appliances,2018-04,67,182.25985074626865,26,2.576923076923077
small_appliances,2018-05,48,221.270625,23,2.0869565217391304
small_appliances,2018-06,50,320.454,24,2.0833333333333335
small_appliances,2018-07,43,202.5872093023256,23,1.8695652173913044
small_appliances,2018-08,25,270.36240000000004,19,1.3157894736842106
small_appliances_home_oven_and_coffee,2017-06,1,71.9,1,1.0
small_appliances_home_oven_and_coffee,2017-08,2,54.53,2,1.0
small_appliances_home_oven_and_coffee,2017-09,1,640.99,1,1.0
small_appliances_home_oven_and_coffee,2018-01,1,369.99,1,1.0
small_appliances_home_oven_and_coffee,2018-02,5,604.98,2,2.5
small_appliances_home_oven_and_coffee,2018-03,7,1127.2714285714285,4,1.75
small_appliances_home_oven_and_coffee,2018-04,15,932.0653333333333,4,3.75
small_appliances_home_oven_and_coffee,2018-05,9,1129.0666666666666,3,3.0
small_appliances_home_oven_and_coffee,2018-06,3,1166.3333333333333,2,1.5
small_appliances_home_oven_and_coffee,2018-07,15,313.3113333333333,7,2.142857142857143
small_appliances_home_oven_and_coffee,2018-08,17,176.27764705882353,5,3.4
sports_leisure,2016-10,19,175.45473684210526,16,1.1875
sports_leisure,2017-01,88,115.49840909090909,24,3.6666666666666665
sports_leisure,2017-02,156,104.94974358974359,58,2.689655172413793
sports_leisure,2017-03,199,135.68638190954775,62,3.2096774193548385
sports_leisure,2017-04,219,114.77319634703197,74,2.9594594594594597
sports_leisure,2017-05,318,114.47578616352202,81,3.925925925925926
sports_leisure,2017-06,280,119.1329642857143,73,3.835616438356164
sports_leisure,2017-07,395,99.48529113924052,86,4.593023255813954
sports_leisure,2017-08,429,97.81592074592075,105,4.085714285714285
sports_leisure,2017-09,464,108.72640086206897,107,4.336448598130841
sports_leisure,2017-10,475,105.19,109,4.3577981651376145
sports_leisure,2017-11,620,106.32361290322581,135,4.592592592592593
sports_leisure,2017-12,497,120.8658953722334,127,3.9133858267716537
sports_leisure,2018-01,656,139.9517225609756,149,4.402684563758389
sports_leisure,2018-02,656,116.97841463414633,123,5.333333333333333
sports_leisure,2018-03,764,111.94967277486911,150,5.093333333333334
sports_leisure,2018-04,601,112.7087853577371,149,4.033557046979865
sports_leisure,2018-05,492,121.2685162601626,153,3.215686274509804
sports_leisure,2018-06,426,107.63147887323944,140,3.0428571428571427
sports_leisure,2018-07,470,117.784,152,3.0921052631578947
sports_leisure,2018-08,476,108.27119747899161,153,3.111111111111111
stationery,2017-01,14,111.57071428571429,4,3.5
stationery,2017-02,19,123.23157894736842,10,1.9
stationery,2017-03,57,104.16877192982456,19,3.0
stationery,2017-04,36,127.9538888888889,12,3.0
stationery,2017-05,66,91.66636363636364,13,5.076923076923077
stationery,2017-06,38,91.93605263157895,12,3.1666666666666665
stationery,2017-07,81,87.87333333333333,22,3.6818181818181817
stationery,2017-08,80,79.586375,18,4.444444444444445
stationery,2017-09,77,79.61571428571429,21,3.6666666666666665
stationery,2017-10,103,84.25,25,4.12
stationery,2017-11,166,100.59692771084337,36,4.611111111111111
stationery,2017-12,251,102.51394422310757,37,6.783783783783784
stationery,2018-01,397,103.33478589420656,41,9.682926829268293
stationery,2018-02,162,74.48271604938272,44,3.6818181818181817
stationery,2018-03,165,80.01054545454545,41,4.024390243902439
stationery,2018-04,155,75.4925806451613,47,3.297872340425532
stationery,2018-05,130,99.4106923076923,48,2.7083333333333335
stationery,2018-06,167,77.00047904191617,49,3.4081632653061225
stationery,2018-07,191,90.2989005235602,68,2.8088235294117645
stationery,2018-08,170,91.55088235294117,59,2.8813559322033897
tablets_printing_image,2017-02,8,99.0,1,8.0
tablets_printing_image,2017-03,5,99.0,1,5.0
tablets_printing_image,2017-04,11,101.1709090909091,3,3.6666666666666665
tablets_printing_image,2017-05,7,216.4257142857143,3,2.3333333333333335
tablets_printing_image,2017-06,6,99.0,1,6.0
tablets_printing_image,2017-07,2,99.0,1,2.0
tablets_printing_image,2017-08,6,75.14833333333333,3,2.0
tablets_printing_image,2017-09,3,77.96666666666667,2,1.5
tablets_printing_image,2017-10,1,99.0,1,1.0
tablets_printing_image,2017-11,6,58.400000000000006,3,2.0
tablets_printing_image,2017-12,6,69.9,1,6.0
tablets_printing_image,2018-01,3,53.93333333333334,1,3.0
tablets_printing_image,2018-02,13,53.45923076923077,1,13.0
tablets_printing_image,2018-03,3,86.43,2,1.5
tablets_printing_image,2018-04,1,52.0,1,1.0
tablets_printing_image,2018-05,1,49.9,1,1.0
tablets_printing_image,2018-06,1,50.0,1,1.0
telephony,2016-09,1,59.5,1,1.0
telephony,2016-10,10,50.007999999999996,5,2.0
telephony,2017-01,26,113.30230769230769,8,3.25
telephony,2017-02,111,62.15396396396397,18,6.166666666666667
telephony,2017-03,173,47.052254335260116,22,7.863636363636363
telephony,2017-04,145,49.97151724137931,20,7.25
telephony,2017-05,224,41.35758928571429,19,11.789473684210526
telephony,2017-06,160,42.235125,19,8.421052631578947
telephony,2017-07,145,62.66034482758621,26,5.576923076923077
telephony,2017-08,136,80.36977941176471,30,4.533333333333333
telephony,2017-09,177,104.8545197740113,33,5.363636363636363
telephony,2017-10,253,90.319209486166,38,6.657894736842105
telephony,2017-11,384,69.32260416666666,39,9.846153846153847
telephony,2017-12,267,50.977565543071165,32,8.34375
telephony,2018-01,372,39.99989247311828,40,9.3
telephony,2018-02,359,39.290362116991645,37,9.702702702702704
telephony,2018-03,344,75.01421511627906,43,8.0
telephony,2018-04,284,58.58042253521127,46,6.173913043478261
telephony,2018-05,257,84.18774319066148,42,6.119047619047619
telephony,2018-06,219,104.00374429223744,37,5.918918918918919
telephony,2018-07,226,119.41774336283186,43,5.255813953488372
telephony,2018-08,277,135.53028880866427,44,6.295454545454546
toys,2016-10,27,165.3737037037037,11,2.4545454545454546
toys,2017-01,43,111.95558139534884,14,3.0714285714285716
toys,2017-02,67,140.34835820895523,16,4.1875
toys,2017-03,103,120.67446601941747,24,4.291666666666667
toys,2017-04,113,115.39318584070797,31,3.6451612903225805
toys,2017-05,200,113.13475,41,4.878048780487805
toys,2017-06,159,98.08962264150944,44,3.6136363636363638
toys,2017-07,208,118.06067307692307,42,4.9523809523809526
toys,2017-08,184,98.51559782608695,47,3.9148936170212765
toys,2017-09,297,105.72127946127947,55,5.4
toys,2017-10,290,119.42417241379312,57,5.087719298245614
toys,2017-11,498,129.7702610441767,80,6.225
toys,2017-12,445,128.52615730337078,70,6.357142857142857
toys,2018-01,165,133.01957575757575,57,2.8947368421052633
toys,2018-02,147,101.96482993197279,64,2.296875
toys,2018-03,236,99.7936440677966,60,3.933333333333333
toys,2018-04,205,113.9140487804878,68,3.014705882352941
toys,2018-05,221,143.74343891402714,68,3.25
toys,2018-06,191,111.10706806282722,77,2.4805194805194803
toys,2018-07,156,110.75185897435898,75,2.08
toys,2018-08,170,104.42970588235293,79,2.151898734177215
watches_gifts,2016-10,5,672.048,3,1.6666666666666667
watches_gifts,2017-01,11,735.1381818181818,3,3.6666666666666665
watches_gifts,2017-02,37,317.7354054054054,7,5.285714285714286
watches_gifts,2017-03,81,330.49851851851855,7,11.571428571428571
watches_gifts,2017-04,98,240.1304081632653,12,8.166666666666666
watches_gifts,2017-05,137,277.67007299270074,15,9.133333333333333
watches_gifts,2017-06,124,233.4566935483871,13,9.538461538461538
watches_gifts,2017-07,168,219.07476190476189,15,11.2
watches_gifts,2017-08,212,171.788679245283,17,12.470588235294118
watches_gifts,2017-09,269,175.43713754646842,16,16.8125
watches_gifts,2017-10,314,210.0621974522293,27,11.62962962962963
watches_gifts,2017-11,469,208.36795309168446,31,15.129032258064516
watches_gifts,2017-12,368,195.06146739130435,30,12.266666666666667
watches_gifts,2018-01,370,204.38172972972976,32,11.5625
watches_gifts,2018-02,337,188.31507418397626,31,10.870967741935484
watches_gifts,2018-03,431,227.11821345707656,35,12.314285714285715
watches_gifts,2018-04,506,184.30545454545455,39,12.974358974358974
watches_gifts,2018-05,638,194.41467084639498,40,15.95
watches_gifts,2018-06,481,180.63525987525986,35,13.742857142857142
watches_gifts,2018-07,529,181.9803213610586,36,14.694444444444445
watches_gifts,2018-08,416,173.74293269230768,36,11.555555555555555
ALL_CATEGORIES,2016-09,6,44.56,3,2.0
ALL_CATEGORIES,2016-10,367,135.2434604904632,143,2.5664335664335662
ALL_CATEGORIES,2016-12,1,10.9,1,1.0
ALL_CATEGORIES,2017-01,966,125.34979296066253,227,4.255506607929515
ALL_CATEGORIES,2017-02,1962,126.68859327217125,427,4.594847775175644
ALL_CATEGORIES,2017-03,3020,124.50685430463577,499,6.052104208416834
ALL_CATEGORIES,2017-04,2693,133.95401782398812,506,5.322134387351778
ALL_CATEGORIES,2017-05,4182,121.86504782400765,583,7.173241852487135
ALL_CATEGORIES,2017-06,3619,120.62749101961869,539,6.714285714285714
ALL_CATEGORIES,2017-07,4565,109.81373493975904,606,7.533003300330033
ALL_CATEGORIES,2017-08,4964,116.55700846091861,708,7.011299435028248
ALL_CATEGORIES,2017-09,4865,128.82881192189106,731,6.655266757865937
ALL_CATEGORIES,2017-10,5369,124.39358353510896,776,6.918814432989691
ALL_CATEGORIES,2017-11,8729,116.59512315270935,965,9.04559585492228
ALL_CATEGORIES,2017-12,6335,117.87168902920284,861,7.357723577235772
ALL_CATEGORIES,2018-01,8263,115.65517850659566,970,8.518556701030928
ALL_CATEGORIES,2018-02,7772,109.82902856407617,947,8.206969376979936
ALL_CATEGORIES,2018-03,8265,119.40315184513007,996,8.298192771084338
ALL_CATEGORIES,2018-04,7986,125.08052466816929,1123,7.111308993766697
ALL_CATEGORIES,2018-05,7935,125.65427347195967,1115,7.116591928251121
ALL_CATEGORIES,2018-06,7084,122.2411405985319,1175,6.028936170212766
ALL_CATEGORIES,2018-07,7115,126.14141110330289,1261,5.642347343378272
ALL_CATEGORIES,2018-08,7250,117.89799310344827,1278,5.672926447574335
ALL_CATEGORIES,2018-09,1,145.0,1,1.0
